@online{Shitov2007,
	author = {Shitov, Yaroslav},
	title = {A counterexample to Comon's conjecture},
	url = {https://arxiv.org/abs/1705.08740v2},
	year = {2017},
}